<record><leader>00000cas a2200000 a 4500</leader><controlfield tag="001">27242790</controlfield><controlfield tag="008">930112d18881893iluwr ne      0   a0eng c</controlfield><datafield ind1=" " ind2=" " tag="010"><subfield code="a">sn 93055371 </subfield></datafield><datafield ind1=" " ind2=" " tag="040"><subfield code="a">NVF</subfield><subfield code="b">eng</subfield><subfield code="c">NVF</subfield><subfield code="d">OCLCQ</subfield><subfield code="d">CVF</subfield><subfield code="d">NVF</subfield><subfield code="d">OCLCQ</subfield><subfield code="d">OCLCF</subfield><subfield code="d">OCLCO</subfield><subfield code="d">NVF</subfield></datafield><datafield ind1=" " ind2=" " tag="042"><subfield code="a">pcc</subfield></datafield><datafield ind1=" " ind2=" " tag="043"><subfield code="a">n-us-il</subfield></datafield><datafield ind1="0" ind2="0" tag="245"><subfield code="a">Ogle County local.</subfield></datafield><datafield ind1=" " ind2=" " tag="260"><subfield code="a">Oregon, Ill. :</subfield><subfield code="b">Calumet Print. Co.,</subfield><subfield code="c">1888-1893.</subfield></datafield><datafield ind1=" " ind2=" " tag="300"><subfield code="a">v.</subfield></datafield><datafield ind1=" " ind2=" " tag="310"><subfield code="a">Weekly</subfield></datafield><datafield ind1="0" ind2=" " tag="362"><subfield code="a">Nov. 17, 1888-v. 6, no. 5 (Jan. 28, 1893).</subfield></datafield><datafield ind1=" " ind2="0" tag="651"><subfield code="a">Oregon (Ill.)</subfield><subfield code="v">Newspapers.</subfield></datafield><datafield ind1=" " ind2="0" tag="651"><subfield code="a">Ogle County (Ill.)</subfield><subfield code="v">Newspapers.</subfield></datafield><datafield ind1=" " ind2="7" tag="651"><subfield code="a">Illinois</subfield><subfield code="z">Ogle County.</subfield><subfield code="2">fast</subfield><subfield code="0">(OCoLC)fst01210697</subfield></datafield><datafield ind1=" " ind2="7" tag="651"><subfield code="a">Illinois</subfield><subfield code="z">Oregon.</subfield><subfield code="2">fast</subfield><subfield code="0">(OCoLC)fst01221111</subfield></datafield><datafield ind1=" " ind2="7" tag="655"><subfield code="a">Newspapers.</subfield><subfield code="2">fast</subfield><subfield code="0">(OCoLC)fst01423814</subfield></datafield><datafield ind1=" " ind2=" " tag="752"><subfield code="a">United States</subfield><subfield code="b">Illinois</subfield><subfield code="c">Ogle County</subfield><subfield code="d">Oregon.</subfield></datafield><datafield ind1="0" ind2="0" tag="785"><subfield code="t">Local-advocate</subfield><subfield code="w">(DLC)sn 93055372</subfield><subfield code="w">(OCoLC)27242877</subfield></datafield><datafield ind1="1" ind2=" " tag="029"><subfield code="a">AU@</subfield><subfield code="b">000020724222</subfield></datafield></record>